01REMESSA01COBRANCA       086200995701        LAWSEC S/A                    341ITAU           090123                                                                                                                                                                                                                                                                                                      000001
10413476058000158086200995701    00001841                     100111220000000000000109                     I0136335/003 27012300000002044683410000001N090123000000000000000232701230000000000000000000000000000000000000000232527198000152LAWSEC S/A                              RUA JOSé POMIANOWSKI, 163              CHICO DE PAU89254810JARAGUA DO SUL SCLAWSEC S/A                        00000000 000002
22270120230000000000200                                                                                                                                                                                                                                                                                                                                                                                   000003
5                                                                                                                        0213476058000158RUA JORGE CZERNIEWICZ, 99               CZERNIEWICZ 89255000JARAGUA DO SUL SC                                                                                                                                                                                    000004
10413476058000158086200995701    00001842                     100111230000000000000109                     I0136335/004 27022300000002044683410000001N090123000000000000000232702230000000000000000000000000000000000000000232527198000152LAWSEC S/A                              RUA JOSé POMIANOWSKI, 163              CHICO DE PAU89254810JARAGUA DO SUL SCLAWSEC S/A                        00000000 000005
22270220230000000000200                                                                                                                                                                                                                                                                                                                                                                                   000006
5                                                                                                                        0213476058000158RUA JORGE CZERNIEWICZ, 99               CZERNIEWICZ 89255000JARAGUA DO SUL SC                                                                                                                                                                                    000007
10413476058000158086200995701    00001843                     100111240000000000000109                     I0136335/005 24032300000002044683410000001N090123000000000000000232403230000000000000000000000000000000000000000232527198000152LAWSEC S/A                              RUA JOSé POMIANOWSKI, 163              CHICO DE PAU89254810JARAGUA DO SUL SCLAWSEC S/A                        00000000 000008
22240320230000000000200                                                                                                                                                                                                                                                                                                                                                                                   000009
5                                                                                                                        0213476058000158RUA JORGE CZERNIEWICZ, 99               CZERNIEWICZ 89255000JARAGUA DO SUL SC                                                                                                                                                                                    000010
10413476058000158086200995701    00001844                     100111250000000000000109                     I0136335/006 28042300000002044673410000001N090123000000000000000232804230000000000000000000000000000000000000000232527198000152LAWSEC S/A                              RUA JOSé POMIANOWSKI, 163              CHICO DE PAU89254810JARAGUA DO SUL SCLAWSEC S/A                        00000000 000011
22280420230000000000200                                                                                                                                                                                                                                                                                                                                                                                   000012
5                                                                                                                        0213476058000158RUA JORGE CZERNIEWICZ, 99               CZERNIEWICZ 89255000JARAGUA DO SUL SC                                                                                                                                                                                    000013
9                                                                                                                                                                                                                                                                                                                                                                                                         000014
