01REMESSA01COBRANCA       086200995701        LAWSEC S/A                    341ITAU           020123                                                                                                                                                                                                                                                                                                      00000110413476058000158086200995701    00004128                     100011030000000000000109                     I0189/001    16012300000004473333410000001N020123000000000000014001601230000000000000000000000000000000000000000236833825000134BUSINESS GRAFICA LTDA                   RUA CONRAD RIEGEL, 20                   CENTRO      89258070JARAGUA DO SUL SCLAWSEC S/A                        00000000 000002
22160120230000000000500                                                                                                                                                                                                                                                                                                                                                                                   000003
5                                                                                                                        0213476058000158RUA JORGE CZERNIEWICZ, 99               CZERNIEWICZ 89255000JARAGUA DO SUL SC                                                                                                                                                                                    000004
10413476058000158086200995701    00004129                     100011170000000000000109                     I01290286    16012300000003605663410000001N020123000000000000014001601230000000000000000000000000000000000000000241040029000184KMIXX ARTEFATOS INDUSTRIA E CO          RUA CONRAD RIEGEL, 20                   CENTRO      89258070JARAGUA DO SUL SCLAWSEC S/A                        00000000 000005
22160120230000000000500                                                                                                                                                                                                                                                                                                                                                                                   000006
5                                                                                                                        0213476058000158RUA JORGE CZERNIEWICZ, 99               CZERNIEWICZ 89255000JARAGUA DO SUL SC                                                                                                                                                                                    000007
10413476058000158086200995701    00004130                     100011180000000000000109                     I0126606/002 18012300000001967683410000001N020123000000000000014001801230000000000000000000000000000000000000000213072185001910SIMPLES SOLUTIONS COMERCIO DE           RUA CONRAD RIEGEL, 20                   CENTRO      89258070JARAGUA DO SUL SCLAWSEC S/A                        00000000 000008
22180120230000000000500                                                                                                                                                                                                                                                                                                                                                                                   000009
5                                                                                                                        0213476058000158RUA JORGE CZERNIEWICZ, 99               CZERNIEWICZ 89255000JARAGUA DO SUL SC                                                                                                                                                                                    000010
10413476058000158086200995701    00004131                     100011190000000000000109                     I0126677/002 20012300000001163963410000001N020123000000000000014002001230000000000000000000000000000000000000000216701999000136PF SERVICOS TECNICOS E SOLUCOE          RUA CONRAD RIEGEL, 20                   CENTRO      89258070JARAGUA DO SUL SCLAWSEC S/A                        00000000 000011
22200120230000000000500                                                                                                                                                                                                                                                                                                                                                                                   000012
5                                                                                                                        0213476058000158RUA JORGE CZERNIEWICZ, 99               CZERNIEWICZ 89255000JARAGUA DO SUL SC                                                                                                                                                                                    000013
10413476058000158086200995701    00004132                     100011200000000000000109                     I01747/004   30012300000000635013410000001N020123000000000000014003001230000000000000000000000000000000000000000222699146000100ROBSON ANDRE GOMES MOVEIS ME            RUA CONRAD RIEGEL, 20                   CENTRO      89258070JARAGUA DO SUL SCLAWSEC S/A                        00000000 000014
22300120230000000000500                                                                                                                                                                                                                                                                                                                                                                                   000015
5                                                                                                                        0213476058000158RUA JORGE CZERNIEWICZ, 99               CZERNIEWICZ 89255000JARAGUA DO SUL SC                                                                                                                                                                                    000016
9                                                                                                                                                                                                                                                                                                                                                                                                         000017
