01REMESSA01COBRANCA       086200995701        LAWSEC S/A                    341ITAU           030123                                                                                                                                                                                                                                                                                                      000001
10413476058000158086200995701    00001930                     100011020000000000000109                     I013274      02012300000003175043410000001N030123000000000000000230201230000000000000000000000000000000000000000232527198000151LAWSEC S/A                              RUA JOSé POMIANOWSKI, 163              CHICO DE PAU89254810JARAGUA DO SUL SCLAWSEC S/A                        00000000 000002
22020120230000000000200                                                                                                                                                                                                                                                                                                                                                                                   000003
5                                                                                                                        0213476058000158RUA JORGE CZERNIEWICZ, 99               CZERNIEWICZ 89255000JARAGUA DO SUL SC                                                                                                                                                                                    000004
10413476058000158086200995701    00001931                     100011010000000000000109                     I013275      15012300000000311683410000001N030123000000000000000231501230000000000000000000000000000000000000000232527198000151LAWSEC S/A                              RUA JOSé POMIANOWSKI, 163              CHICO DE PAU89254810JARAGUA DO SUL SCLAWSEC S/A                        00000000 000005
22150120230000000000200                                                                                                                                                                                                                                                                                                                                                                                   000006
5                                                                                                                        0213476058000158RUA JORGE CZERNIEWICZ, 99               CZERNIEWICZ 89255000JARAGUA DO SUL SC                                                                                                                                                                                    000007
10413476058000158086200995701    0000141                      100011040000000000000109                     I011299/001  17012300000003566563410000001N030123000000000000000231701230000000000000000000000000000000000000000232527198000151LAWSEC S/A                              RUA JOSé POMIANOWSKI, 163              CHICO DE PAU89254810JARAGUA DO SUL SCLAWSEC S/A                        00000000 000008
22170120230000000000200                                                                                                                                                                                                                                                                                                                                                                                   000009
5                                                                                                                        0213476058000158RUA JORGE CZERNIEWICZ, 99               CZERNIEWICZ 89255000JARAGUA DO SUL SC                                                                                                                                                                                    000010
10413476058000158086200995701    0000139                      100011050000000000000109                     I011299/002  01022300000003495253410000001N030123000000000000000230102230000000000000000000000000000000000000000232527198000151LAWSEC S/A                              RUA JOSé POMIANOWSKI, 163              CHICO DE PAU89254810JARAGUA DO SUL SCLAWSEC S/A                        00000000 000011
22010220230000000000200                                                                                                                                                                                                                                                                                                                                                                                   000012
5                                                                                                                        0213476058000158RUA JORGE CZERNIEWICZ, 99               CZERNIEWICZ 89255000JARAGUA DO SUL SC                                                                                                                                                                                    000013
10413476058000158086200995701    000016                       100011060000000000000109                     I01296672    04012300000000118273410000001N030123000000000000000230401230000000000000000000000000000000000000000232527198000151LAWSEC S/A                              RUA JOSé POMIANOWSKI, 163              CHICO DE PAU89254810JARAGUA DO SUL SCLAWSEC S/A                        00000000 000014
22040120230000000000200                                                                                                                                                                                                                                                                                                                                                                                   000015
5                                                                                                                        0213476058000158RUA JORGE CZERNIEWICZ, 99               CZERNIEWICZ 89255000JARAGUA DO SUL SC                                                                                                                                                                                    000016
10413476058000158086200995701    000015                       100011070000000000000109                     I01296673    01022300000001139313410000001N030123000000000000000230102230000000000000000000000000000000000000000232527198000151LAWSEC S/A                              RUA JOSé POMIANOWSKI, 163              CHICO DE PAU89254810JARAGUA DO SUL SCLAWSEC S/A                        00000000 000017
22010220230000000000200                                                                                                                                                                                                                                                                                                                                                                                   000018
5                                                                                                                        0213476058000158RUA JORGE CZERNIEWICZ, 99               CZERNIEWICZ 89255000JARAGUA DO SUL SC                                                                                                                                                                                    000019
10413476058000158086200995701    00001430                     100011080000000000000109                     I012425/002  06012300000001119473410000001N030123000000000000000230601230000000000000000000000000000000000000000232527198000151LAWSEC S/A                              RUA JOSé POMIANOWSKI, 163              CHICO DE PAU89254810JARAGUA DO SUL SCLAWSEC S/A                        00000000 000020
22060120230000000000200                                                                                                                                                                                                                                                                                                                                                                                   000021
5                                                                                                                        0213476058000158RUA JORGE CZERNIEWICZ, 99               CZERNIEWICZ 89255000JARAGUA DO SUL SC                                                                                                                                                                                    000022
10413476058000158086200995701    00001421                     100011090000000000000109                     I012425/001  23012300000000109143410000001N030123000000000000000232301230000000000000000000000000000000000000000232527198000151LAWSEC S/A                              RUA JOSé POMIANOWSKI, 163              CHICO DE PAU89254810JARAGUA DO SUL SCLAWSEC S/A                        00000000 000023
22230120230000000000200                                                                                                                                                                                                                                                                                                                                                                                   000024
5                                                                                                                        0213476058000158RUA JORGE CZERNIEWICZ, 99               CZERNIEWICZ 89255000JARAGUA DO SUL SC                                                                                                                                                                                    000025
10413476058000158086200995701    0000111                      100011100000000000000109                     I013736/003  16012300000001151853410000001N030123000000000000000231601230000000000000000000000000000000000000000232527198000151LAWSEC S/A                              RUA JOSé POMIANOWSKI, 163              CHICO DE PAU89254810JARAGUA DO SUL SCLAWSEC S/A                        00000000 000026
22160120230000000000200                                                                                                                                                                                                                                                                                                                                                                                   000027
5                                                                                                                        0213476058000158RUA JORGE CZERNIEWICZ, 99               CZERNIEWICZ 89255000JARAGUA DO SUL SC                                                                                                                                                                                    000028
10413476058000158086200995701    0000110                      100011110000000000000109                     I013736/002  01012300000001173383410000001N030123000000000000000230101230000000000000000000000000000000000000000232527198000151LAWSEC S/A                              RUA JOSé POMIANOWSKI, 163              CHICO DE PAU89254810JARAGUA DO SUL SCLAWSEC S/A                        00000000 000029
22010120230000000000200                                                                                                                                                                                                                                                                                                                                                                                   000030
5                                                                                                                        0213476058000158RUA JORGE CZERNIEWICZ, 99               CZERNIEWICZ 89255000JARAGUA DO SUL SC                                                                                                                                                                                    000031
10413476058000158086200995701    00001565                     100011120000000000000109                     I013739/002  01012300000000066013410000001N030123000000000000000230101230000000000000000000000000000000000000000232527198000151LAWSEC S/A                              RUA JOSé POMIANOWSKI, 163              CHICO DE PAU89254810JARAGUA DO SUL SCLAWSEC S/A                        00000000 000032
22010120230000000000200                                                                                                                                                                                                                                                                                                                                                                                   000033
5                                                                                                                        0213476058000158RUA JORGE CZERNIEWICZ, 99               CZERNIEWICZ 89255000JARAGUA DO SUL SC                                                                                                                                                                                    000034
10413476058000158086200995701    00001566                     100011130000000000000109                     I013674/003  04012300000001312373410000001N030123000000000000000230401230000000000000000000000000000000000000000232527198000151LAWSEC S/A                              RUA JOSé POMIANOWSKI, 163              CHICO DE PAU89254810JARAGUA DO SUL SCLAWSEC S/A                        00000000 000035
22040120230000000000200                                                                                                                                                                                                                                                                                                                                                                                   000036
5                                                                                                                        0213476058000158RUA JORGE CZERNIEWICZ, 99               CZERNIEWICZ 89255000JARAGUA DO SUL SC                                                                                                                                                                                    000037
10413476058000158086200995701    00001568                     100011140000000000000109                     I013674/004  19012300000001286563410000001N030123000000000000000231901230000000000000000000000000000000000000000232527198000151LAWSEC S/A                              RUA JOSé POMIANOWSKI, 163              CHICO DE PAU89254810JARAGUA DO SUL SCLAWSEC S/A                        00000000 000038
22190120230000000000200                                                                                                                                                                                                                                                                                                                                                                                   000039
5                                                                                                                        0213476058000158RUA JORGE CZERNIEWICZ, 99               CZERNIEWICZ 89255000JARAGUA DO SUL SC                                                                                                                                                                                    000040
10413476058000158086200995701    00001567                     100011150000000000000109                     I013739/003  16012300000000647993410000001N030123000000000000000231601230000000000000000000000000000000000000000232527198000151LAWSEC S/A                              RUA JOSé POMIANOWSKI, 163              CHICO DE PAU89254810JARAGUA DO SUL SCLAWSEC S/A                        00000000 000041
22160120230000000000200                                                                                                                                                                                                                                                                                                                                                                                   000042
5                                                                                                                        0213476058000158RUA JORGE CZERNIEWICZ, 99               CZERNIEWICZ 89255000JARAGUA DO SUL SC                                                                                                                                                                                    000043
10413476058000158086200995701    00001564                     100011160000000000000109                     I013739/004  31012300000000636733410000001N030123000000000000000233101230000000000000000000000000000000000000000232527198000151LAWSEC S/A                              RUA JOSé POMIANOWSKI, 163              CHICO DE PAU89254810JARAGUA DO SUL SCLAWSEC S/A                        00000000 000044
22310120230000000000200                                                                                                                                                                                                                                                                                                                                                                                   000045
5                                                                                                                        0213476058000158RUA JORGE CZERNIEWICZ, 99               CZERNIEWICZ 89255000JARAGUA DO SUL SC                                                                                                                                                                                    000046
10413476058000158086200995701    00001429                     100011210000000000000109                     I012432/001  01012300000000925033410000001N030123000000000000000230101230000000000000000000000000000000000000000232527198000151LAWSEC S/A                              RUA JOSé POMIANOWSKI, 163              CHICO DE PAU89254810JARAGUA DO SUL SCLAWSEC S/A                        00000000 000047
22010120230000000000200                                                                                                                                                                                                                                                                                                                                                                                   000048
5                                                                                                                        0213476058000158RUA JORGE CZERNIEWICZ, 99               CZERNIEWICZ 89255000JARAGUA DO SUL SC                                                                                                                                                                                    000049
10413476058000158086200995701    00001422                     100011220000000000000109                     I01000000055/26012300000001753363410000001N030123000000000000000232601230000000000000000000000000000000000000000232527198000151LAWSEC S/A                              RUA JOSé POMIANOWSKI, 163              CHICO DE PAU89254810JARAGUA DO SUL SCLAWSEC S/A                        00000000 000050
22260120230000000000200                                                                                                                                                                                                                                                                                                                                                                                   000051
5                                                                                                                        0213476058000158RUA JORGE CZERNIEWICZ, 99               CZERNIEWICZ 89255000JARAGUA DO SUL SC                                                                                                                                                                                    000052
10413476058000158086200995701    00001423                     100011230000000000000109                     I012459/001  29012300000000055513410000001N030123000000000000000232901230000000000000000000000000000000000000000232527198000151LAWSEC S/A                              RUA JOSé POMIANOWSKI, 163              CHICO DE PAU89254810JARAGUA DO SUL SCLAWSEC S/A                        00000000 000053
22290120230000000000200                                                                                                                                                                                                                                                                                                                                                                                   000054
5                                                                                                                        0213476058000158RUA JORGE CZERNIEWICZ, 99               CZERNIEWICZ 89255000JARAGUA DO SUL SC                                                                                                                                                                                    000055
10413476058000158086200995701    00004132                     100011200000000000000109                     I012459/001  30012300000000635013410000001N030123000000000000000233001230000000000000000000000000000000000000000222699146000100ROBSON ANDRE GOMES MOVEIS ME            RUA CONRAD RIEGEL, 20                   CENTRO      89258070JARAGUA DO SUL SCLAWSEC S/A                        00000000 000056
22300120230000000000200                                                                                                                                                                                                                                                                                                                                                                                   000057
5                                                                                                                        0213476058000158RUA JORGE CZERNIEWICZ, 99               CZERNIEWICZ 89255000JARAGUA DO SUL SC                                                                                                                                                                                    000058
9                                                                                                                                                                                                                                                                                                                                                                                                         000059
