01REMESSA01COBRANCA       086200995701        LAWSEC S/A                    341ITAU           051223                                                                                                                                                                                                                                                                                                      000001
9                                                                                                                                                                                                                                                                                                                                                                                                         000002
