01REMESSA01COBRANCA       086200995701        LAWSEC S/A                    341ITAU           030123                                                                                                                                                                                                                                                                                                      000001
10413476058000158086200995701    00004132                     100011200000000000000109                     I01747/004   30012300000000635013410000001N030123000000000000014003001230000000000000000000000000000000000000000222699146000100ROBSON ANDRE GOMES MOVEIS ME            RUA CONRAD RIEGEL, 20                   CENTRO      89258070JARAGUA DO SUL SCLAWSEC S/A                        00000000 000002
22300120230000000000500                                                                                                                                                                                                                                                                                                                                                                                   000003
5                                                                                                                        0213476058000158RUA JORGE CZERNIEWICZ, 99               CZERNIEWICZ 89255000JARAGUA DO SUL SC                                                                                                                                                                                    000004
9                                                                                                                                                                                                                                                                                                                                                                                                         000005
