01REMESSA01COBRANCA       086200995701        LAWSEC S/A                    341ITAU           260123                                                                                                                                                                                                                                                                                                      000001
10413476058000158086200995701    00001690                     100001010000000000000109                     I01288404    27012300000002575003410000001N260123000000000000000232701230000000000000000000000000000000000000000232527198000152LAWSEC S/A                              RUA JOSé POMIANOWSKI, 163              CHICO DE PAU89254810JARAGUA DO SUL SCLAWSEC S/A                        00000000 000002
22270120230000000000200                                                                                                                                                                                                                                                                                                                                                                                   000003
5                                                                                                                        0213476058000158RUA JORGE CZERNIEWICZ, 99               CZERNIEWICZ 89255000JARAGUA DO SUL SC                                                                                                                                                                                    000004
10413476058000158086200995701    00001691                     100001020000000000000109                     I01296513    29012300000002734203410000001N260123000000000000000232901230000000000000000000000000000000000000000232527198000152LAWSEC S/A                              RUA JOSé POMIANOWSKI, 163              CHICO DE PAU89254810JARAGUA DO SUL SCLAWSEC S/A                        00000000 000005
22290120230000000000200                                                                                                                                                                                                                                                                                                                                                                                   000006
5                                                                                                                        0213476058000158RUA JORGE CZERNIEWICZ, 99               CZERNIEWICZ 89255000JARAGUA DO SUL SC                                                                                                                                                                                    000007
10413476058000158086200995701    00001692                     100001030000000000000109                     I01302582    30012300000001597593410000001N260123000000000000000233001230000000000000000000000000000000000000000232527198000152LAWSEC S/A                              RUA JOSé POMIANOWSKI, 163              CHICO DE PAU89254810JARAGUA DO SUL SCLAWSEC S/A                        00000000 000008
22300120230000000000200                                                                                                                                                                                                                                                                                                                                                                                   000009
5                                                                                                                        0213476058000158RUA JORGE CZERNIEWICZ, 99               CZERNIEWICZ 89255000JARAGUA DO SUL SC                                                                                                                                                                                    000010
10413476058000158086200995701    00001693                     100001040000000000000109                     I01292334    01022300000002652133410000001N260123000000000000000230102230000000000000000000000000000000000000000232527198000152LAWSEC S/A                              RUA JOSé POMIANOWSKI, 163              CHICO DE PAU89254810JARAGUA DO SUL SCLAWSEC S/A                        00000000 000011
22010220230000000000200                                                                                                                                                                                                                                                                                                                                                                                   000012
5                                                                                                                        0213476058000158RUA JORGE CZERNIEWICZ, 99               CZERNIEWICZ 89255000JARAGUA DO SUL SC                                                                                                                                                                                    000013
10413476058000158086200995701    00001714                     100001050000000000000109                     I01295332    02022300000001922253410000001N260123000000000000000230202230000000000000000000000000000000000000000232527198000152LAWSEC S/A                              RUA JOSé POMIANOWSKI, 163              CHICO DE PAU89254810JARAGUA DO SUL SCLAWSEC S/A                        00000000 000014
22020220230000000000200                                                                                                                                                                                                                                                                                                                                                                                   000015
5                                                                                                                        0213476058000158RUA JORGE CZERNIEWICZ, 99               CZERNIEWICZ 89255000JARAGUA DO SUL SC                                                                                                                                                                                    000016
10413476058000158086200995701    00001715                     100001060000000000000109                     I01282634    02022300000002387753410000001N260123000000000000000230202230000000000000000000000000000000000000000232527198000152LAWSEC S/A                              RUA JOSé POMIANOWSKI, 163              CHICO DE PAU89254810JARAGUA DO SUL SCLAWSEC S/A                        00000000 000017
22020220230000000000200                                                                                                                                                                                                                                                                                                                                                                                   000018
5                                                                                                                        0213476058000158RUA JORGE CZERNIEWICZ, 99               CZERNIEWICZ 89255000JARAGUA DO SUL SC                                                                                                                                                                                    000019
10413476058000158086200995701    00001713                     100001070000000000000109                     I01288403    02022300000002575003410000001N260123000000000000000230202230000000000000000000000000000000000000000232527198000152LAWSEC S/A                              RUA JOSé POMIANOWSKI, 163              CHICO DE PAU89254810JARAGUA DO SUL SCLAWSEC S/A                        00000000 000020
22020220230000000000200                                                                                                                                                                                                                                                                                                                                                                                   000021
5                                                                                                                        0213476058000158RUA JORGE CZERNIEWICZ, 99               CZERNIEWICZ 89255000JARAGUA DO SUL SC                                                                                                                                                                                    000022
10413476058000158086200995701    00001685                     100001080000000000000109                     I01289314    02022300000002239503410000001N260123000000000000000230202230000000000000000000000000000000000000000232527198000152LAWSEC S/A                              RUA JOSé POMIANOWSKI, 163              CHICO DE PAU89254810JARAGUA DO SUL SCLAWSEC S/A                        00000000 000023
22020220230000000000200                                                                                                                                                                                                                                                                                                                                                                                   000024
5                                                                                                                        0213476058000158RUA JORGE CZERNIEWICZ, 99               CZERNIEWICZ 89255000JARAGUA DO SUL SC                                                                                                                                                                                    000025
10413476058000158086200995701    00001712                     100001090000000000000109                     I01287733    02022300000001954503410000001N260123000000000000000230202230000000000000000000000000000000000000000232527198000152LAWSEC S/A                              RUA JOSé POMIANOWSKI, 163              CHICO DE PAU89254810JARAGUA DO SUL SCLAWSEC S/A                        00000000 000026
22020220230000000000200                                                                                                                                                                                                                                                                                                                                                                                   000027
5                                                                                                                        0213476058000158RUA JORGE CZERNIEWICZ, 99               CZERNIEWICZ 89255000JARAGUA DO SUL SC                                                                                                                                                                                    000028
10413476058000158086200995701    00001711                     100001100000000000000109                     I01290463    02022300000001399003410000001N260123000000000000000230202230000000000000000000000000000000000000000232527198000152LAWSEC S/A                              RUA JOSé POMIANOWSKI, 163              CHICO DE PAU89254810JARAGUA DO SUL SCLAWSEC S/A                        00000000 000029
22020220230000000000200                                                                                                                                                                                                                                                                                                                                                                                   000030
5                                                                                                                        0213476058000158RUA JORGE CZERNIEWICZ, 99               CZERNIEWICZ 89255000JARAGUA DO SUL SC                                                                                                                                                                                    000031
10413476058000158086200995701    00001716                     100001110000000000000109                     I01302581    02022300000001597593410000001N260123000000000000000230202230000000000000000000000000000000000000000232527198000152LAWSEC S/A                              RUA JOSé POMIANOWSKI, 163              CHICO DE PAU89254810JARAGUA DO SUL SCLAWSEC S/A                        00000000 000032
22020220230000000000200                                                                                                                                                                                                                                                                                                                                                                                   000033
5                                                                                                                        0213476058000158RUA JORGE CZERNIEWICZ, 99               CZERNIEWICZ 89255000JARAGUA DO SUL SC                                                                                                                                                                                    000034
10413476058000158086200995701    00001717                     100001120000000000000109                     I01284134    02022300000001968753410000001N260123000000000000000230202230000000000000000000000000000000000000000232527198000152LAWSEC S/A                              RUA JOSé POMIANOWSKI, 163              CHICO DE PAU89254810JARAGUA DO SUL SCLAWSEC S/A                        00000000 000035
22020220230000000000200                                                                                                                                                                                                                                                                                                                                                                                   000036
5                                                                                                                        0213476058000158RUA JORGE CZERNIEWICZ, 99               CZERNIEWICZ 89255000JARAGUA DO SUL SC                                                                                                                                                                                    000037
10413476058000158086200995701    00001718                     100001130000000000000109                     I01292333    02022300000002652123410000001N260123000000000000000230202230000000000000000000000000000000000000000232527198000152LAWSEC S/A                              RUA JOSé POMIANOWSKI, 163              CHICO DE PAU89254810JARAGUA DO SUL SCLAWSEC S/A                        00000000 000038
22020220230000000000200                                                                                                                                                                                                                                                                                                                                                                                   000039
5                                                                                                                        0213476058000158RUA JORGE CZERNIEWICZ, 99               CZERNIEWICZ 89255000JARAGUA DO SUL SC                                                                                                                                                                                    000040
10413476058000158086200995701    00001719                     100001140000000000000109                     I01296882    02022300000001595813410000001N260123000000000000000230202230000000000000000000000000000000000000000232527198000152LAWSEC S/A                              RUA JOSé POMIANOWSKI, 163              CHICO DE PAU89254810JARAGUA DO SUL SCLAWSEC S/A                        00000000 000041
22020220230000000000200                                                                                                                                                                                                                                                                                                                                                                                   000042
5                                                                                                                        0213476058000158RUA JORGE CZERNIEWICZ, 99               CZERNIEWICZ 89255000JARAGUA DO SUL SC                                                                                                                                                                                    000043
10413476058000158086200995701    00001720                     100001150000000000000109                     I01296512    02022300000002734203410000001N260123000000000000000230202230000000000000000000000000000000000000000232527198000152LAWSEC S/A                              RUA JOSé POMIANOWSKI, 163              CHICO DE PAU89254810JARAGUA DO SUL SCLAWSEC S/A                        00000000 000044
22020220230000000000200                                                                                                                                                                                                                                                                                                                                                                                   000045
5                                                                                                                        0213476058000158RUA JORGE CZERNIEWICZ, 99               CZERNIEWICZ 89255000JARAGUA DO SUL SC                                                                                                                                                                                    000046
10413476058000158086200995701    00001721                     100001160000000000000109                     I01286174    02022300000003079353410000001N260123000000000000000230202230000000000000000000000000000000000000000232527198000152LAWSEC S/A                              RUA JOSé POMIANOWSKI, 163              CHICO DE PAU89254810JARAGUA DO SUL SCLAWSEC S/A                        00000000 000047
22020220230000000000200                                                                                                                                                                                                                                                                                                                                                                                   000048
5                                                                                                                        0213476058000158RUA JORGE CZERNIEWICZ, 99               CZERNIEWICZ 89255000JARAGUA DO SUL SC                                                                                                                                                                                    000049
10413476058000158086200995701    00001722                     100001170000000000000109                     I01298232    02022300000002387023410000001N260123000000000000000230202230000000000000000000000000000000000000000232527198000152LAWSEC S/A                              RUA JOSé POMIANOWSKI, 163              CHICO DE PAU89254810JARAGUA DO SUL SCLAWSEC S/A                        00000000 000050
22020220230000000000200                                                                                                                                                                                                                                                                                                                                                                                   000051
5                                                                                                                        0213476058000158RUA JORGE CZERNIEWICZ, 99               CZERNIEWICZ 89255000JARAGUA DO SUL SC                                                                                                                                                                                    000052
10413476058000158086200995701    00001723                     100001180000000000000109                     I01299582    02022300000002404923410000001N260123000000000000000230202230000000000000000000000000000000000000000232527198000152LAWSEC S/A                              RUA JOSé POMIANOWSKI, 163              CHICO DE PAU89254810JARAGUA DO SUL SCLAWSEC S/A                        00000000 000053
22020220230000000000200                                                                                                                                                                                                                                                                                                                                                                                   000054
5                                                                                                                        0213476058000158RUA JORGE CZERNIEWICZ, 99               CZERNIEWICZ 89255000JARAGUA DO SUL SC                                                                                                                                                                                    000055
10413476058000158086200995701    00001686                     100001190000000000000109                     I01303881    02022300000001430243410000001N260123000000000000000230202230000000000000000000000000000000000000000232527198000152LAWSEC S/A                              RUA JOSé POMIANOWSKI, 163              CHICO DE PAU89254810JARAGUA DO SUL SCLAWSEC S/A                        00000000 000056
22020220230000000000200                                                                                                                                                                                                                                                                                                                                                                                   000057
5                                                                                                                        0213476058000158RUA JORGE CZERNIEWICZ, 99               CZERNIEWICZ 89255000JARAGUA DO SUL SC                                                                                                                                                                                    000058
10413476058000158086200995701    00001623                     100001200000000000000109                     I013613/B    02022300000003710003410000001N260123000000000000000230202230000000000000000000000000000000000000000232527198000152LAWSEC S/A                              RUA JOSé POMIANOWSKI, 163              CHICO DE PAU89254810JARAGUA DO SUL SCLAWSEC S/A                        00000000 000059
22020220230000000000200                                                                                                                                                                                                                                                                                                                                                                                   000060
5                                                                                                                        0213476058000158RUA JORGE CZERNIEWICZ, 99               CZERNIEWICZ 89255000JARAGUA DO SUL SC                                                                                                                                                                                    000061
10413476058000158086200995701    00001624                     100001210000000000000109                     I013613/003  02022300000003710003410000001N260123000000000000000230202230000000000000000000000000000000000000000232527198000152LAWSEC S/A                              RUA JOSé POMIANOWSKI, 163              CHICO DE PAU89254810JARAGUA DO SUL SCLAWSEC S/A                        00000000 000062
22020220230000000000200                                                                                                                                                                                                                                                                                                                                                                                   000063
5                                                                                                                        0213476058000158RUA JORGE CZERNIEWICZ, 99               CZERNIEWICZ 89255000JARAGUA DO SUL SC                                                                                                                                                                                    000064
10413476058000158086200995701    00001619                     100001220000000000000109                     I0111931/001 24022300000003836663410000001N260123000000000000000232402230000000000000000000000000000000000000000232527198000152LAWSEC S/A                              RUA JOSé POMIANOWSKI, 163              CHICO DE PAU89254810JARAGUA DO SUL SCLAWSEC S/A                        00000000 000065
22240220230000000000200                                                                                                                                                                                                                                                                                                                                                                                   000066
5                                                                                                                        0213476058000158RUA JORGE CZERNIEWICZ, 99               CZERNIEWICZ 89255000JARAGUA DO SUL SC                                                                                                                                                                                    000067
10413476058000158086200995701    00001625                     100001230000000000000109                     I013613/C    02022300000003710003410000001N260123000000000000000230202230000000000000000000000000000000000000000232527198000152LAWSEC S/A                              RUA JOSé POMIANOWSKI, 163              CHICO DE PAU89254810JARAGUA DO SUL SCLAWSEC S/A                        00000000 000068
22020220230000000000200                                                                                                                                                                                                                                                                                                                                                                                   000069
5                                                                                                                        0213476058000158RUA JORGE CZERNIEWICZ, 99               CZERNIEWICZ 89255000JARAGUA DO SUL SC                                                                                                                                                                                    000070
10413476058000158086200995701    00001620                     100001240000000000000109                     I0111931/002 22032300000003836673410000001N260123000000000000000232203230000000000000000000000000000000000000000232527198000152LAWSEC S/A                              RUA JOSé POMIANOWSKI, 163              CHICO DE PAU89254810JARAGUA DO SUL SCLAWSEC S/A                        00000000 000071
22220320230000000000200                                                                                                                                                                                                                                                                                                                                                                                   000072
5                                                                                                                        0213476058000158RUA JORGE CZERNIEWICZ, 99               CZERNIEWICZ 89255000JARAGUA DO SUL SC                                                                                                                                                                                    000073
10413476058000158086200995701    00001621                     100001250000000000000109                     I0111931/003 18042300000003836673410000001N260123000000000000000231804230000000000000000000000000000000000000000232527198000152LAWSEC S/A                              RUA JOSé POMIANOWSKI, 163              CHICO DE PAU89254810JARAGUA DO SUL SCLAWSEC S/A                        00000000 000074
22180420230000000000200                                                                                                                                                                                                                                                                                                                                                                                   000075
5                                                                                                                        0213476058000158RUA JORGE CZERNIEWICZ, 99               CZERNIEWICZ 89255000JARAGUA DO SUL SC                                                                                                                                                                                    000076
10413476058000158086200995701    0000863                      100001270000000000000109                     I012965001/0018022300000006500003410000001N260123000000000000000231802230000000000000000000000000000000000000000232527198000152LAWSEC S/A                              RUA JOSé POMIANOWSKI, 163              CHICO DE PAU89254810JARAGUA DO SUL SCLAWSEC S/A                        00000000 000077
22180220230000000000200                                                                                                                                                                                                                                                                                                                                                                                   000078
5                                                                                                                        0213476058000158RUA JORGE CZERNIEWICZ, 99               CZERNIEWICZ 89255000JARAGUA DO SUL SC                                                                                                                                                                                    000079
10413476058000158086200995701    0000866                      100001260000000000000109                     I012965001/0002022300000006500003410000001N260123000000000000000230202230000000000000000000000000000000000000000232527198000152LAWSEC S/A                              RUA JOSé POMIANOWSKI, 163              CHICO DE PAU89254810JARAGUA DO SUL SCLAWSEC S/A                        00000000 000080
22020220230000000000200                                                                                                                                                                                                                                                                                                                                                                                   000081
5                                                                                                                        0213476058000158RUA JORGE CZERNIEWICZ, 99               CZERNIEWICZ 89255000JARAGUA DO SUL SC                                                                                                                                                                                    000082
10413476058000158086200995701    0000864                      100001280000000000000109                     I012965001/0018032300000006500003410000001N260123000000000000000231803230000000000000000000000000000000000000000232527198000152LAWSEC S/A                              RUA JOSé POMIANOWSKI, 163              CHICO DE PAU89254810JARAGUA DO SUL SCLAWSEC S/A                        00000000 000083
22180320230000000000200                                                                                                                                                                                                                                                                                                                                                                                   000084
5                                                                                                                        0213476058000158RUA JORGE CZERNIEWICZ, 99               CZERNIEWICZ 89255000JARAGUA DO SUL SC                                                                                                                                                                                    000085
10413476058000158086200995701    0000865                      100001290000000000000109                     I012965001/0018042300000006500003410000001N260123000000000000000231804230000000000000000000000000000000000000000232527198000152LAWSEC S/A                              RUA JOSé POMIANOWSKI, 163              CHICO DE PAU89254810JARAGUA DO SUL SCLAWSEC S/A                        00000000 000086
22180420230000000000200                                                                                                                                                                                                                                                                                                                                                                                   000087
5                                                                                                                        0213476058000158RUA JORGE CZERNIEWICZ, 99               CZERNIEWICZ 89255000JARAGUA DO SUL SC                                                                                                                                                                                    000088
10413476058000158086200995701    00001253                     100001300000000000000109                     I01299831    02022300000001520003410000001N260123000000000000000230202230000000000000000000000000000000000000000232527198000152LAWSEC S/A                              RUA JOSé POMIANOWSKI, 163              CHICO DE PAU89254810JARAGUA DO SUL SCLAWSEC S/A                        00000000 000089
22020220230000000000200                                                                                                                                                                                                                                                                                                                                                                                   000090
5                                                                                                                        0213476058000158RUA JORGE CZERNIEWICZ, 99               CZERNIEWICZ 89255000JARAGUA DO SUL SC                                                                                                                                                                                    000091
10413476058000158086200995701    00001254                     100001310000000000000109                     I01299832    02022300000001520003410000001N260123000000000000000230202230000000000000000000000000000000000000000232527198000152LAWSEC S/A                              RUA JOSé POMIANOWSKI, 163              CHICO DE PAU89254810JARAGUA DO SUL SCLAWSEC S/A                        00000000 000092
22020220230000000000200                                                                                                                                                                                                                                                                                                                                                                                   000093
5                                                                                                                        0213476058000158RUA JORGE CZERNIEWICZ, 99               CZERNIEWICZ 89255000JARAGUA DO SUL SC                                                                                                                                                                                    000094
10413476058000158086200995701    00001248                     100001320000000000000109                     I01299833    04022300000001520003410000001N260123000000000000000230402230000000000000000000000000000000000000000232527198000152LAWSEC S/A                              RUA JOSé POMIANOWSKI, 163              CHICO DE PAU89254810JARAGUA DO SUL SCLAWSEC S/A                        00000000 000095
22040220230000000000200                                                                                                                                                                                                                                                                                                                                                                                   000096
5                                                                                                                        0213476058000158RUA JORGE CZERNIEWICZ, 99               CZERNIEWICZ 89255000JARAGUA DO SUL SC                                                                                                                                                                                    000097
10413476058000158086200995701    00001251                     100001330000000000000109                     I0111961/002 11042300000003836673410000001N260123000000000000000231104230000000000000000000000000000000000000000232527198000152LAWSEC S/A                              RUA JOSé POMIANOWSKI, 163              CHICO DE PAU89254810JARAGUA DO SUL SCLAWSEC S/A                        00000000 000098
22110420230000000000200                                                                                                                                                                                                                                                                                                                                                                                   000099
5                                                                                                                        0213476058000158RUA JORGE CZERNIEWICZ, 99               CZERNIEWICZ 89255000JARAGUA DO SUL SC                                                                                                                                                                                    000100
10413476058000158086200995701    00001250                     100001340000000000000109                     I0111961/001 23032300000003836663410000001N260123000000000000000232303230000000000000000000000000000000000000000232527198000152LAWSEC S/A                              RUA JOSé POMIANOWSKI, 163              CHICO DE PAU89254810JARAGUA DO SUL SCLAWSEC S/A                        00000000 000101
22230320230000000000200                                                                                                                                                                                                                                                                                                                                                                                   000102
5                                                                                                                        0213476058000158RUA JORGE CZERNIEWICZ, 99               CZERNIEWICZ 89255000JARAGUA DO SUL SC                                                                                                                                                                                    000103
10413476058000158086200995701    00001249                     100001350000000000000109                     I01299834    19022300000001520003410000001N260123000000000000000231902230000000000000000000000000000000000000000232527198000152LAWSEC S/A                              RUA JOSé POMIANOWSKI, 163              CHICO DE PAU89254810JARAGUA DO SUL SCLAWSEC S/A                        00000000 000104
22190220230000000000200                                                                                                                                                                                                                                                                                                                                                                                   000105
5                                                                                                                        0213476058000158RUA JORGE CZERNIEWICZ, 99               CZERNIEWICZ 89255000JARAGUA DO SUL SC                                                                                                                                                                                    000106
10413476058000158086200995701    00001841                     100001360000000000000109                     I0136335/003 27012300000002044683410000001N260123000000000000000232701230000000000000000000000000000000000000000232527198000152LAWSEC S/A                              RUA JOSé POMIANOWSKI, 163              CHICO DE PAU89254810JARAGUA DO SUL SCLAWSEC S/A                        00000000 000107
22270120230000000000200                                                                                                                                                                                                                                                                                                                                                                                   000108
5                                                                                                                        0213476058000158RUA JORGE CZERNIEWICZ, 99               CZERNIEWICZ 89255000JARAGUA DO SUL SC                                                                                                                                                                                    000109
10413476058000158086200995701    00001845                     100001370000000000000109                     I0136335/002 02022300000002044683410000001N260123000000000000000230202230000000000000000000000000000000000000000232527198000152LAWSEC S/A                              RUA JOSé POMIANOWSKI, 163              CHICO DE PAU89254810JARAGUA DO SUL SCLAWSEC S/A                        00000000 000110
22020220230000000000200                                                                                                                                                                                                                                                                                                                                                                                   000111
5                                                                                                                        0213476058000158RUA JORGE CZERNIEWICZ, 99               CZERNIEWICZ 89255000JARAGUA DO SUL SC                                                                                                                                                                                    000112
10413476058000158086200995701    00001842                     100001380000000000000109                     I0136335/004 27022300000002044683410000001N260123000000000000000232702230000000000000000000000000000000000000000232527198000152LAWSEC S/A                              RUA JOSé POMIANOWSKI, 163              CHICO DE PAU89254810JARAGUA DO SUL SCLAWSEC S/A                        00000000 000113
22270220230000000000200                                                                                                                                                                                                                                                                                                                                                                                   000114
5                                                                                                                        0213476058000158RUA JORGE CZERNIEWICZ, 99               CZERNIEWICZ 89255000JARAGUA DO SUL SC                                                                                                                                                                                    000115
10413476058000158086200995701    00001843                     100001390000000000000109                     I0136335/005 24032300000002044683410000001N260123000000000000000232403230000000000000000000000000000000000000000232527198000152LAWSEC S/A                              RUA JOSé POMIANOWSKI, 163              CHICO DE PAU89254810JARAGUA DO SUL SCLAWSEC S/A                        00000000 000116
22240320230000000000200                                                                                                                                                                                                                                                                                                                                                                                   000117
5                                                                                                                        0213476058000158RUA JORGE CZERNIEWICZ, 99               CZERNIEWICZ 89255000JARAGUA DO SUL SC                                                                                                                                                                                    000118
10413476058000158086200995701    00001844                     100001400000000000000109                     I0136335/006 28042300000002044673410000001N260123000000000000000232804230000000000000000000000000000000000000000232527198000152LAWSEC S/A                              RUA JOSé POMIANOWSKI, 163              CHICO DE PAU89254810JARAGUA DO SUL SCLAWSEC S/A                        00000000 000119
22280420230000000000200                                                                                                                                                                                                                                                                                                                                                                                   000120
5                                                                                                                        0213476058000158RUA JORGE CZERNIEWICZ, 99               CZERNIEWICZ 89255000JARAGUA DO SUL SC                                                                                                                                                                                    000121
10413476058000158086200995701    0000515                      100001470000000000000109                     I01804/003   02022300000000707343410000001N260123000000000000000230202230000000000000000000000000000000000000000232527198000152LAWSEC S/A                              RUA JOSé POMIANOWSKI, 163              CHICO DE PAU89254810JARAGUA DO SUL SCLAWSEC S/A                        00000000 000122
22020220230000000000200                                                                                                                                                                                                                                                                                                                                                                                   000123
5                                                                                                                        0213476058000158RUA JORGE CZERNIEWICZ, 99               CZERNIEWICZ 89255000JARAGUA DO SUL SC                                                                                                                                                                                    000124
10413476058000158086200995701    0000514                      100001460000000000000109                     I01754/004   02022300000000553003410000001N260123000000000000000230202230000000000000000000000000000000000000000232527198000152LAWSEC S/A                              RUA JOSé POMIANOWSKI, 163              CHICO DE PAU89254810JARAGUA DO SUL SCLAWSEC S/A                        00000000 000125
22020220230000000000200                                                                                                                                                                                                                                                                                                                                                                                   000126
5                                                                                                                        0213476058000158RUA JORGE CZERNIEWICZ, 99               CZERNIEWICZ 89255000JARAGUA DO SUL SC                                                                                                                                                                                    000127
10413476058000158086200995701    0000510                      100001450000000000000109                     I01900/001   28012300000001240253410000001N260123000000000000000232801230000000000000000000000000000000000000000232527198000152LAWSEC S/A                              RUA JOSé POMIANOWSKI, 163              CHICO DE PAU89254810JARAGUA DO SUL SCLAWSEC S/A                        00000000 000128
22280120230000000000200                                                                                                                                                                                                                                                                                                                                                                                   000129
5                                                                                                                        0213476058000158RUA JORGE CZERNIEWICZ, 99               CZERNIEWICZ 89255000JARAGUA DO SUL SC                                                                                                                                                                                    000130
10413476058000158086200995701    0000511                      100001480000000000000109                     I01900/002   27022300000001240253410000001N260123000000000000000232702230000000000000000000000000000000000000000232527198000152LAWSEC S/A                              RUA JOSé POMIANOWSKI, 163              CHICO DE PAU89254810JARAGUA DO SUL SCLAWSEC S/A                        00000000 000131
22270220230000000000200                                                                                                                                                                                                                                                                                                                                                                                   000132
5                                                                                                                        0213476058000158RUA JORGE CZERNIEWICZ, 99               CZERNIEWICZ 89255000JARAGUA DO SUL SC                                                                                                                                                                                    000133
10413476058000158086200995701    00001554                     100001550000000000000109                     I01626/001   29012300000000695713410000001N260123000000000000000232901230000000000000000000000000000000000000000232527198000152LAWSEC S/A                              RUA JOSé POMIANOWSKI, 163              CHICO DE PAU89254810JARAGUA DO SUL SCLAWSEC S/A                        00000000 000134
22290120230000000000200                                                                                                                                                                                                                                                                                                                                                                                   000135
5                                                                                                                        0213476058000158RUA JORGE CZERNIEWICZ, 99               CZERNIEWICZ 89255000JARAGUA DO SUL SC                                                                                                                                                                                    000136
10413476058000158086200995701    00001555                     100001560000000000000109                     I01626/002   14022300000000695713410000001N260123000000000000000231402230000000000000000000000000000000000000000232527198000152LAWSEC S/A                              RUA JOSé POMIANOWSKI, 163              CHICO DE PAU89254810JARAGUA DO SUL SCLAWSEC S/A                        00000000 000137
22140220230000000000200                                                                                                                                                                                                                                                                                                                                                                                   000138
5                                                                                                                        0213476058000158RUA JORGE CZERNIEWICZ, 99               CZERNIEWICZ 89255000JARAGUA DO SUL SC                                                                                                                                                                                    000139
10413476058000158086200995701    00001556                     100001570000000000000109                     I01626/003   01032300000000695713410000001N260123000000000000000230103230000000000000000000000000000000000000000232527198000152LAWSEC S/A                              RUA JOSé POMIANOWSKI, 163              CHICO DE PAU89254810JARAGUA DO SUL SCLAWSEC S/A                        00000000 000140
22010320230000000000200                                                                                                                                                                                                                                                                                                                                                                                   000141
5                                                                                                                        0213476058000158RUA JORGE CZERNIEWICZ, 99               CZERNIEWICZ 89255000JARAGUA DO SUL SC                                                                                                                                                                                    000142
10413476058000158086200995701    00001557                     100001580000000000000109                     I01626/004   16032300000000695713410000001N260123000000000000000231603230000000000000000000000000000000000000000232527198000152LAWSEC S/A                              RUA JOSé POMIANOWSKI, 163              CHICO DE PAU89254810JARAGUA DO SUL SCLAWSEC S/A                        00000000 000143
22160320230000000000200                                                                                                                                                                                                                                                                                                                                                                                   000144
5                                                                                                                        0213476058000158RUA JORGE CZERNIEWICZ, 99               CZERNIEWICZ 89255000JARAGUA DO SUL SC                                                                                                                                                                                    000145
10413476058000158086200995701    00001113                     100001590000000000000109                     I019366/001  29012300000001913793410000001N260123000000000000000232901230000000000000000000000000000000000000000232527198000152LAWSEC S/A                              RUA JOSé POMIANOWSKI, 163              CHICO DE PAU89254810JARAGUA DO SUL SCLAWSEC S/A                        00000000 000146
22290120230000000000200                                                                                                                                                                                                                                                                                                                                                                                   000147
5                                                                                                                        0213476058000158RUA JORGE CZERNIEWICZ, 99               CZERNIEWICZ 89255000JARAGUA DO SUL SC                                                                                                                                                                                    000148
10413476058000158086200995701    00001114                     100001600000000000000109                     I019366/002  28022300000001913773410000001N260123000000000000000232802230000000000000000000000000000000000000000232527198000152LAWSEC S/A                              RUA JOSé POMIANOWSKI, 163              CHICO DE PAU89254810JARAGUA DO SUL SCLAWSEC S/A                        00000000 000149
22280220230000000000200                                                                                                                                                                                                                                                                                                                                                                                   000150
5                                                                                                                        0213476058000158RUA JORGE CZERNIEWICZ, 99               CZERNIEWICZ 89255000JARAGUA DO SUL SC                                                                                                                                                                                    000151
10413476058000158086200995701    00001116                     100001610000000000000109                     I019366/004  29042300000001913773410000001N260123000000000000000232904230000000000000000000000000000000000000000232527198000152LAWSEC S/A                              RUA JOSé POMIANOWSKI, 163              CHICO DE PAU89254810JARAGUA DO SUL SCLAWSEC S/A                        00000000 000152
22290420230000000000200                                                                                                                                                                                                                                                                                                                                                                                   000153
5                                                                                                                        0213476058000158RUA JORGE CZERNIEWICZ, 99               CZERNIEWICZ 89255000JARAGUA DO SUL SC                                                                                                                                                                                    000154
10413476058000158086200995701    00001115                     100001620000000000000109                     I019366/003  30032300000001913773410000001N260123000000000000000233003230000000000000000000000000000000000000000232527198000152LAWSEC S/A                              RUA JOSé POMIANOWSKI, 163              CHICO DE PAU89254810JARAGUA DO SUL SCLAWSEC S/A                        00000000 000155
22300320230000000000200                                                                                                                                                                                                                                                                                                                                                                                   000156
5                                                                                                                        0213476058000158RUA JORGE CZERNIEWICZ, 99               CZERNIEWICZ 89255000JARAGUA DO SUL SC                                                                                                                                                                                    000157
10413476058000158086200995701    00004164                     100001410000000000000109                     I0181749/001 16022300000005354713410000001N260123000000000000000231602230000000000000000000000000000000000000000272565955000105MERCADINHO DE ALIMENTOS KALFEL          RUA CONRAD RIEGEL, 20                   CENTRO      89258070JARAGUA DO SUL SCLAWSEC S/A                        00000000 000158
22160220230000000000200                                                                                                                                                                                                                                                                                                                                                                                   000159
5                                                                                                                        0213476058000158RUA JORGE CZERNIEWICZ, 99               CZERNIEWICZ 89255000JARAGUA DO SUL SC                                                                                                                                                                                    000160
10413476058000158086200995701    00004165                     100001420000000000000109                     I0181650/002 24022300000003344473410000001N260123000000000000000232402230000000000000000000000000000000000000000272565955000105MERCADINHO DE ALIMENTOS KALFEL          RUA CONRAD RIEGEL, 20                   CENTRO      89258070JARAGUA DO SUL SCLAWSEC S/A                        00000000 000161
22240220230000000000200                                                                                                                                                                                                                                                                                                                                                                                   000162
5                                                                                                                        0213476058000158RUA JORGE CZERNIEWICZ, 99               CZERNIEWICZ 89255000JARAGUA DO SUL SC                                                                                                                                                                                    000163
10413476058000158086200995701    00004166                     100001430000000000000109                     I0181684/002 24022300000001772673410000001N260123000000000000000232402230000000000000000000000000000000000000000272565955000105MERCADINHO DE ALIMENTOS KALFEL          RUA CONRAD RIEGEL, 20                   CENTRO      89258070JARAGUA DO SUL SCLAWSEC S/A                        00000000 000164
22240220230000000000200                                                                                                                                                                                                                                                                                                                                                                                   000165
5                                                                                                                        0213476058000158RUA JORGE CZERNIEWICZ, 99               CZERNIEWICZ 89255000JARAGUA DO SUL SC                                                                                                                                                                                    000166
10413476058000158086200995701    00004167                     100001440000000000000109                     I0181680/002 28022300000002235703410000001N260123000000000000000232802230000000000000000000000000000000000000000272565955000105MERCADINHO DE ALIMENTOS KALFEL          RUA CONRAD RIEGEL, 20                   CENTRO      89258070JARAGUA DO SUL SCLAWSEC S/A                        00000000 000167
22280220230000000000200                                                                                                                                                                                                                                                                                                                                                                                   000168
5                                                                                                                        0213476058000158RUA JORGE CZERNIEWICZ, 99               CZERNIEWICZ 89255000JARAGUA DO SUL SC                                                                                                                                                                                    000169
10413476058000158086200995701    00004171                     100001490000000000000109                     I0136418/001 22022300000004971223410000001N260123000000000000000232202230000000000000000000000000000000000000000224964135000135IFM BRASILE INDCOMIMPEXPDE MAQ          RUA CONRAD RIEGEL, 20                   CENTRO      89258070JARAGUA DO SUL SCLAWSEC S/A                        00000000 000170
22220220230000000000200                                                                                                                                                                                                                                                                                                                                                                                   000171
5                                                                                                                        0213476058000158RUA JORGE CZERNIEWICZ, 99               CZERNIEWICZ 89255000JARAGUA DO SUL SC                                                                                                                                                                                    000172
10413476058000158086200995701    00004172                     100001500000000000000109                     I0181708/001 17022300000002166863410000001N260123000000000000000231702230000000000000000000000000000000000000000279400875000130MARLENE COUTO GONCALVES                 RUA CONRAD RIEGEL, 20                   CENTRO      89258070JARAGUA DO SUL SCLAWSEC S/A                        00000000 000173
22170220230000000000200                                                                                                                                                                                                                                                                                                                                                                                   000174
5                                                                                                                        0213476058000158RUA JORGE CZERNIEWICZ, 99               CZERNIEWICZ 89255000JARAGUA DO SUL SC                                                                                                                                                                                    000175
10413476058000158086200995701    00004173                     100001510000000000000109                     I0181740/001 22022300000002944663410000001N260123000000000000000232202230000000000000000000000000000000000000000279400875000130MARLENE COUTO GONCALVES                 RUA CONRAD RIEGEL, 20                   CENTRO      89258070JARAGUA DO SUL SCLAWSEC S/A                        00000000 000176
22220220230000000000200                                                                                                                                                                                                                                                                                                                                                                                   000177
5                                                                                                                        0213476058000158RUA JORGE CZERNIEWICZ, 99               CZERNIEWICZ 89255000JARAGUA DO SUL SC                                                                                                                                                                                    000178
10413476058000158086200995701    00004174                     100001520000000000000109                     I0181776/001 28022300000003355123410000001N260123000000000000000232802230000000000000000000000000000000000000000279400875000130MARLENE COUTO GONCALVES                 RUA CONRAD RIEGEL, 20                   CENTRO      89258070JARAGUA DO SUL SCLAWSEC S/A                        00000000 000179
22280220230000000000200                                                                                                                                                                                                                                                                                                                                                                                   000180
5                                                                                                                        0213476058000158RUA JORGE CZERNIEWICZ, 99               CZERNIEWICZ 89255000JARAGUA DO SUL SC                                                                                                                                                                                    000181
10413476058000158086200995701    00004175                     100001530000000000000109                     I013728/002  28022300000001453743410000001N260123000000000000000232802230000000000000000000000000000000000000000226072110000152MARCHIORI E BRUGNOLI BRUGNOLI           RUA CONRAD RIEGEL, 20                   CENTRO      89258070JARAGUA DO SUL SCLAWSEC S/A                        00000000 000182
22280220230000000000200                                                                                                                                                                                                                                                                                                                                                                                   000183
5                                                                                                                        0213476058000158RUA JORGE CZERNIEWICZ, 99               CZERNIEWICZ 89255000JARAGUA DO SUL SC                                                                                                                                                                                    000184
10413476058000158086200995701    00004176                     100001540000000000000109                     I013728/003  03032300000001458823410000001N260123000000000000000230303230000000000000000000000000000000000000000226072110000152MARCHIORI E BRUGNOLI BRUGNOLI           RUA CONRAD RIEGEL, 20                   CENTRO      89258070JARAGUA DO SUL SCLAWSEC S/A                        00000000 000185
22030320230000000000200                                                                                                                                                                                                                                                                                                                                                                                   000186
5                                                                                                                        0213476058000158RUA JORGE CZERNIEWICZ, 99               CZERNIEWICZ 89255000JARAGUA DO SUL SC                                                                                                                                                                                    000187
10413476058000158086200995701    00004180                     100001660000000000000109                     I013727/002  20022300000000462013410000001N260123000000000000000232002230000000000000000000000000000000000000000234775158000155MARCHIORI COMERCIO DE VESTUARI          RUA CONRAD RIEGEL, 20                   CENTRO      89258070JARAGUA DO SUL SCLAWSEC S/A                        00000000 000188
22200220230000000000200                                                                                                                                                                                                                                                                                                                                                                                   000189
5                                                                                                                        0213476058000158RUA JORGE CZERNIEWICZ, 99               CZERNIEWICZ 89255000JARAGUA DO SUL SC                                                                                                                                                                                    000190
10413476058000158086200995701    00004181                     100001670000000000000109                     I013727/003  28022300000000465633410000001N260123000000000000000232802230000000000000000000000000000000000000000234775158000155MARCHIORI COMERCIO DE VESTUARI          RUA CONRAD RIEGEL, 20                   CENTRO      89258070JARAGUA DO SUL SCLAWSEC S/A                        00000000 000191
22280220230000000000200                                                                                                                                                                                                                                                                                                                                                                                   000192
5                                                                                                                        0213476058000158RUA JORGE CZERNIEWICZ, 99               CZERNIEWICZ 89255000JARAGUA DO SUL SC                                                                                                                                                                                    000193
9                                                                                                                                                                                                                                                                                                                                                                                                         000194
