01REMESSA01COBRANCA       086200995701        LAWSEC S/A                    341ITAU           101023                                                                                                                                                                                                                                                                                                      000001
10413476058000158086200995701    0000413                      100001770000000000000109                     I01017/024   30082300000002500003410000001N101023000000000000000233008230000000000000000000000000000000000000000232527198000152LAWSEC S/A                              RUA JOSé POMIANOWSKI, 163              CHICO DE PAU89254810JARAGUA DO SUL SCLAWSEC S/A                        00000000 000002
22300820230000000000200                                                                                                                                                                                                                                                                                                                                                                                   000003
5                                                                                                                        0213476058000158RUA JORGE CZERNIEWICZ, 99               CZERNIEWICZ 89255000JARAGUA DO SUL SC                                                                                                                                                                                    000004
10413476058000158086200995701    0000412                      100001780000000000000109                     I01016/024   15082300000002500003410000001N101023000000000000000231508230000000000000000000000000000000000000000232527198000152LAWSEC S/A                              RUA JOSé POMIANOWSKI, 163              CHICO DE PAU89254810JARAGUA DO SUL SCLAWSEC S/A                        00000000 000005
22150820230000000000200                                                                                                                                                                                                                                                                                                                                                                                   000006
5                                                                                                                        0213476058000158RUA JORGE CZERNIEWICZ, 99               CZERNIEWICZ 89255000JARAGUA DO SUL SC                                                                                                                                                                                    000007
10413476058000158086200995701    0000414                      100001790000000000000109                     I01018/024   15092300000002500003410000001N101023000000000000000231509230000000000000000000000000000000000000000232527198000152LAWSEC S/A                              RUA JOSé POMIANOWSKI, 163              CHICO DE PAU89254810JARAGUA DO SUL SCLAWSEC S/A                        00000000 000008
22150920230000000000200                                                                                                                                                                                                                                                                                                                                                                                   000009
5                                                                                                                        0213476058000158RUA JORGE CZERNIEWICZ, 99               CZERNIEWICZ 89255000JARAGUA DO SUL SC                                                                                                                                                                                    000010
10413476058000158086200995701    0000416                      100001800000000000000109                     I01020/024   15102300000002500003410000001N101023000000000000000231510230000000000000000000000000000000000000000232527198000152LAWSEC S/A                              RUA JOSé POMIANOWSKI, 163              CHICO DE PAU89254810JARAGUA DO SUL SCLAWSEC S/A                        00000000 000011
22151020230000000000200                                                                                                                                                                                                                                                                                                                                                                                   000012
5                                                                                                                        0213476058000158RUA JORGE CZERNIEWICZ, 99               CZERNIEWICZ 89255000JARAGUA DO SUL SC                                                                                                                                                                                    000013
9                                                                                                                                                                                                                                                                                                                                                                                                         000014
