01REMESSA01COBRANCA       086200995701        LAWSEC S/A                    341ITAU           110423                                                                                                                                                                                                                                                                                                      000001
10413476058000158086200995701    0000404                      100001680000000000000109                     I01008/024   15042300000002500003410000001N110423000000000000000231504230000000000000000000000000000000000000000232527198000152LAWSEC S/A                              RUA JOSé POMIANOWSKI, 163              CHICO DE PAU89254810JARAGUA DO SUL SCLAWSEC S/A                        00000000 000002
22150420230000000000200                                                                                                                                                                                                                                                                                                                                                                                   000003
5                                                                                                                        0213476058000158RUA JORGE CZERNIEWICZ, 99               CZERNIEWICZ 89255000JARAGUA DO SUL SC                                                                                                                                                                                    000004
10413476058000158086200995701    0000405                      100001690000000000000109                     I01009/024   30042300000002500003410000001N110423000000000000000233004230000000000000000000000000000000000000000232527198000152LAWSEC S/A                              RUA JOSé POMIANOWSKI, 163              CHICO DE PAU89254810JARAGUA DO SUL SCLAWSEC S/A                        00000000 000005
22300420230000000000200                                                                                                                                                                                                                                                                                                                                                                                   000006
5                                                                                                                        0213476058000158RUA JORGE CZERNIEWICZ, 99               CZERNIEWICZ 89255000JARAGUA DO SUL SC                                                                                                                                                                                    000007
10413476058000158086200995701    0000406                      100001700000000000000109                     I01010/024   15052300000002500003410000001N110423000000000000000231505230000000000000000000000000000000000000000232527198000152LAWSEC S/A                              RUA JOSé POMIANOWSKI, 163              CHICO DE PAU89254810JARAGUA DO SUL SCLAWSEC S/A                        00000000 000008
22150520230000000000200                                                                                                                                                                                                                                                                                                                                                                                   000009
5                                                                                                                        0213476058000158RUA JORGE CZERNIEWICZ, 99               CZERNIEWICZ 89255000JARAGUA DO SUL SC                                                                                                                                                                                    000010
10413476058000158086200995701    0000407                      100001710000000000000109                     I01011/024   30052300000002500003410000001N110423000000000000000233005230000000000000000000000000000000000000000232527198000152LAWSEC S/A                              RUA JOSé POMIANOWSKI, 163              CHICO DE PAU89254810JARAGUA DO SUL SCLAWSEC S/A                        00000000 000011
22300520230000000000200                                                                                                                                                                                                                                                                                                                                                                                   000012
5                                                                                                                        0213476058000158RUA JORGE CZERNIEWICZ, 99               CZERNIEWICZ 89255000JARAGUA DO SUL SC                                                                                                                                                                                    000013
10413476058000158086200995701    0000408                      100001720000000000000109                     I01012/024   15062300000002500003410000001N110423000000000000000231506230000000000000000000000000000000000000000232527198000152LAWSEC S/A                              RUA JOSé POMIANOWSKI, 163              CHICO DE PAU89254810JARAGUA DO SUL SCLAWSEC S/A                        00000000 000014
22150620230000000000200                                                                                                                                                                                                                                                                                                                                                                                   000015
5                                                                                                                        0213476058000158RUA JORGE CZERNIEWICZ, 99               CZERNIEWICZ 89255000JARAGUA DO SUL SC                                                                                                                                                                                    000016
10413476058000158086200995701    0000409                      100001730000000000000109                     I01013/024   30062300000002500003410000001N110423000000000000000233006230000000000000000000000000000000000000000232527198000152LAWSEC S/A                              RUA JOSé POMIANOWSKI, 163              CHICO DE PAU89254810JARAGUA DO SUL SCLAWSEC S/A                        00000000 000017
22300620230000000000200                                                                                                                                                                                                                                                                                                                                                                                   000018
5                                                                                                                        0213476058000158RUA JORGE CZERNIEWICZ, 99               CZERNIEWICZ 89255000JARAGUA DO SUL SC                                                                                                                                                                                    000019
10413476058000158086200995701    0000410                      100001740000000000000109                     I01014/024   15072300000002500003410000001N110423000000000000000231507230000000000000000000000000000000000000000232527198000152LAWSEC S/A                              RUA JOSé POMIANOWSKI, 163              CHICO DE PAU89254810JARAGUA DO SUL SCLAWSEC S/A                        00000000 000020
22150720230000000000200                                                                                                                                                                                                                                                                                                                                                                                   000021
5                                                                                                                        0213476058000158RUA JORGE CZERNIEWICZ, 99               CZERNIEWICZ 89255000JARAGUA DO SUL SC                                                                                                                                                                                    000022
9                                                                                                                                                                                                                                                                                                                                                                                                         000023
