01REMESSA01COBRANCA       086200995701        LAWSEC S/A                    341ITAU           020123                                                                                                                                                                                                                                                                                                      000001
10432527198000151086200995701    00001930                     100011020000000000000109                     I013274      02012300000003200003410000001N020123000000000000000140201230000000000000000000000000000000000000000232527198000151LAWTEC S/A                              RUA JOSé POMIANOWSKI, 163              CHICO DE PAU89254810JARAGUA DO SUL SCLAWSEC S/A                        00000000 000002
22020120230000000000500                                                                                                                                                                                                                                                                                                                                                                                   000003
5                                                                                                                        0213476058000158RUA JORGE CZERNIEWICZ, 99               CZERNIEWICZ 89255000JARAGUA DO SUL SC                                                                                                                                                                                    000004
10432527198000151086200995701    00001931                     100011010000000000000109                     I013275      15012300000003200003410000001N020123000000000000000141501230000000000000000000000000000000000000000232527198000151LAWTEC S/A                              RUA JOSé POMIANOWSKI, 163              CHICO DE PAU89254810JARAGUA DO SUL SCLAWSEC S/A                        00000000 000005
22150120230000000000500                                                                                                                                                                                                                                                                                                                                                                                   000006
5                                                                                                                        0213476058000158RUA JORGE CZERNIEWICZ, 99               CZERNIEWICZ 89255000JARAGUA DO SUL SC                                                                                                                                                                                    000007
10432527198000151086200995701    0000141                      100011040000000000000109                     I011299/001  17012300000003656883410000001N020123000000000000000141701230000000000000000000000000000000000000000232527198000151LAWTEC S/A                              RUA JOSé POMIANOWSKI, 163              CHICO DE PAU89254810JARAGUA DO SUL SCLAWSEC S/A                        00000000 000008
22170120230000000000500                                                                                                                                                                                                                                                                                                                                                                                   000009
5                                                                                                                        0213476058000158RUA JORGE CZERNIEWICZ, 99               CZERNIEWICZ 89255000JARAGUA DO SUL SC                                                                                                                                                                                    000010
10432527198000151086200995701    0000139                      100011050000000000000109                     I011299/002  01022300000003656883410000001N020123000000000000000140102230000000000000000000000000000000000000000232527198000151LAWTEC S/A                              RUA JOSé POMIANOWSKI, 163              CHICO DE PAU89254810JARAGUA DO SUL SCLAWSEC S/A                        00000000 000011
22010220230000000000500                                                                                                                                                                                                                                                                                                                                                                                   000012
5                                                                                                                        0213476058000158RUA JORGE CZERNIEWICZ, 99               CZERNIEWICZ 89255000JARAGUA DO SUL SC                                                                                                                                                                                    000013
10432527198000151086200995701    000016                       100011060000000000000109                     I01296672    04012300000001192003410000001N020123000000000000000140401230000000000000000000000000000000000000000232527198000151LAWTEC S/A                              RUA JOSé POMIANOWSKI, 163              CHICO DE PAU89254810JARAGUA DO SUL SCLAWSEC S/A                        00000000 000014
22040120230000000000500                                                                                                                                                                                                                                                                                                                                                                                   000015
5                                                                                                                        0213476058000158RUA JORGE CZERNIEWICZ, 99               CZERNIEWICZ 89255000JARAGUA DO SUL SC                                                                                                                                                                                    000016
10432527198000151086200995701    000015                       100011070000000000000109                     I01296673    01022300000001192003410000001N020123000000000000000140102230000000000000000000000000000000000000000232527198000151LAWTEC S/A                              RUA JOSé POMIANOWSKI, 163              CHICO DE PAU89254810JARAGUA DO SUL SCLAWSEC S/A                        00000000 000017
22010220230000000000500                                                                                                                                                                                                                                                                                                                                                                                   000018
5                                                                                                                        0213476058000158RUA JORGE CZERNIEWICZ, 99               CZERNIEWICZ 89255000JARAGUA DO SUL SC                                                                                                                                                                                    000019
10432527198000151086200995701    00001430                     100011080000000000000109                     I012425/002  06012300000001131233410000001N020123000000000000000140601230000000000000000000000000000000000000000232527198000151LAWTEC S/A                              RUA JOSé POMIANOWSKI, 163              CHICO DE PAU89254810JARAGUA DO SUL SCLAWSEC S/A                        00000000 000020
22060120230000000000500                                                                                                                                                                                                                                                                                                                                                                                   000021
5                                                                                                                        0213476058000158RUA JORGE CZERNIEWICZ, 99               CZERNIEWICZ 89255000JARAGUA DO SUL SC                                                                                                                                                                                    000022
10432527198000151086200995701    00001421                     100011090000000000000109                     I012425/001  23012300000001131103410000001N020123000000000000000142301230000000000000000000000000000000000000000232527198000151LAWTEC S/A                              RUA JOSé POMIANOWSKI, 163              CHICO DE PAU89254810JARAGUA DO SUL SCLAWSEC S/A                        00000000 000023
22230120230000000000500                                                                                                                                                                                                                                                                                                                                                                                   000024
5                                                                                                                        0213476058000158RUA JORGE CZERNIEWICZ, 99               CZERNIEWICZ 89255000JARAGUA DO SUL SC                                                                                                                                                                                    000025
10432527198000151086200995701    0000111                      100011100000000000000109                     I013736/003  16012300000001182603410000001N020123000000000000000141601230000000000000000000000000000000000000000232527198000151LAWTEC S/A                              RUA JOSé POMIANOWSKI, 163              CHICO DE PAU89254810JARAGUA DO SUL SCLAWSEC S/A                        00000000 000026
22160120230000000000500                                                                                                                                                                                                                                                                                                                                                                                   000027
5                                                                                                                        0213476058000158RUA JORGE CZERNIEWICZ, 99               CZERNIEWICZ 89255000JARAGUA DO SUL SC                                                                                                                                                                                    000028
10432527198000151086200995701    0000110                      100011110000000000000109                     I013736/002  01012300000001182603410000001N020123000000000000000140101230000000000000000000000000000000000000000232527198000151LAWTEC S/A                              RUA JOSé POMIANOWSKI, 163              CHICO DE PAU89254810JARAGUA DO SUL SCLAWSEC S/A                        00000000 000029
22010120230000000000500                                                                                                                                                                                                                                                                                                                                                                                   000030
5                                                                                                                        0213476058000158RUA JORGE CZERNIEWICZ, 99               CZERNIEWICZ 89255000JARAGUA DO SUL SC                                                                                                                                                                                    000031
10432527198000151086200995701    00001565                     100011120000000000000109                     I013739/002  01012300000000665293410000001N020123000000000000000140101230000000000000000000000000000000000000000232527198000151LAWTEC S/A                              RUA JOSé POMIANOWSKI, 163              CHICO DE PAU89254810JARAGUA DO SUL SCLAWSEC S/A                        00000000 000032
22010120230000000000500                                                                                                                                                                                                                                                                                                                                                                                   000033
5                                                                                                                        0213476058000158RUA JORGE CZERNIEWICZ, 99               CZERNIEWICZ 89255000JARAGUA DO SUL SC                                                                                                                                                                                    000034
10432527198000151086200995701    00001566                     100011130000000000000109                     I013674/003  04012300000001322693410000001N020123000000000000000140401230000000000000000000000000000000000000000232527198000151LAWTEC S/A                              RUA JOSé POMIANOWSKI, 163              CHICO DE PAU89254810JARAGUA DO SUL SCLAWSEC S/A                        00000000 000035
22040120230000000000500                                                                                                                                                                                                                                                                                                                                                                                   000036
5                                                                                                                        0213476058000158RUA JORGE CZERNIEWICZ, 99               CZERNIEWICZ 89255000JARAGUA DO SUL SC                                                                                                                                                                                    000037
10432527198000151086200995701    00001568                     100011140000000000000109                     I013674/004  19012300000001322673410000001N020123000000000000000141901230000000000000000000000000000000000000000232527198000151LAWTEC S/A                              RUA JOSé POMIANOWSKI, 163              CHICO DE PAU89254810JARAGUA DO SUL SCLAWSEC S/A                        00000000 000038
22190120230000000000500                                                                                                                                                                                                                                                                                                                                                                                   000039
5                                                                                                                        0213476058000158RUA JORGE CZERNIEWICZ, 99               CZERNIEWICZ 89255000JARAGUA DO SUL SC                                                                                                                                                                                    000040
10432527198000151086200995701    00001567                     100011150000000000000109                     I013739/003  16012300000000665293410000001N020123000000000000000141601230000000000000000000000000000000000000000232527198000151LAWTEC S/A                              RUA JOSé POMIANOWSKI, 163              CHICO DE PAU89254810JARAGUA DO SUL SCLAWSEC S/A                        00000000 000041
22160120230000000000500                                                                                                                                                                                                                                                                                                                                                                                   000042
5                                                                                                                        0213476058000158RUA JORGE CZERNIEWICZ, 99               CZERNIEWICZ 89255000JARAGUA DO SUL SC                                                                                                                                                                                    000043
10432527198000151086200995701    00001564                     100011160000000000000109                     I013739/004  31012300000000665273410000001N020123000000000000000143101230000000000000000000000000000000000000000232527198000151LAWTEC S/A                              RUA JOSé POMIANOWSKI, 163              CHICO DE PAU89254810JARAGUA DO SUL SCLAWSEC S/A                        00000000 000044
22310120230000000000500                                                                                                                                                                                                                                                                                                                                                                                   000045
5                                                                                                                        0213476058000158RUA JORGE CZERNIEWICZ, 99               CZERNIEWICZ 89255000JARAGUA DO SUL SC                                                                                                                                                                                    000046
10432527198000151086200995701    00004128                     100011030000000000000109                     I0189/001    16012300000004473333410000001N020123000000000000000141601230000000000000000000000000000000000000000236833825000134BUSINESS GRAFICA LTDA                   RUA CONRAD RIEGEL, 20                   CENTRO      89258070JARAGUA DO SUL SCLAWSEC S/A                        00000000 000047
22160120230000000000500                                                                                                                                                                                                                                                                                                                                                                                   000048
5                                                                                                                        0213476058000158RUA JORGE CZERNIEWICZ, 99               CZERNIEWICZ 89255000JARAGUA DO SUL SC                                                                                                                                                                                    000049
10432527198000151086200995701    00004129                     100011170000000000000109                     I01290286    16012300000003605663410000001N020123000000000000000141601230000000000000000000000000000000000000000241040029000184KMIXX ARTEFATOS INDUSTRIA E CO          RUA CONRAD RIEGEL, 20                   CENTRO      89258070JARAGUA DO SUL SCLAWSEC S/A                        00000000 000050
22160120230000000000500                                                                                                                                                                                                                                                                                                                                                                                   000051
5                                                                                                                        0213476058000158RUA JORGE CZERNIEWICZ, 99               CZERNIEWICZ 89255000JARAGUA DO SUL SC                                                                                                                                                                                    000052
10432527198000151086200995701    00004130                     100011180000000000000109                     I0126606/002 18012300000001967683410000001N020123000000000000000141801230000000000000000000000000000000000000000213072185001910SIMPLES SOLUTIONS COMERCIO DE           RUA CONRAD RIEGEL, 20                   CENTRO      89258070JARAGUA DO SUL SCLAWSEC S/A                        00000000 000053
22180120230000000000500                                                                                                                                                                                                                                                                                                                                                                                   000054
5                                                                                                                        0213476058000158RUA JORGE CZERNIEWICZ, 99               CZERNIEWICZ 89255000JARAGUA DO SUL SC                                                                                                                                                                                    000055
10432527198000151086200995701    00004131                     100011190000000000000109                     I0126677/002 20012300000001163963410000001N020123000000000000000142001230000000000000000000000000000000000000000216701999000136PF SERVICOS TECNICOS E SOLUCOE          RUA CONRAD RIEGEL, 20                   CENTRO      89258070JARAGUA DO SUL SCLAWSEC S/A                        00000000 000056
22200120230000000000500                                                                                                                                                                                                                                                                                                                                                                                   000057
5                                                                                                                        0213476058000158RUA JORGE CZERNIEWICZ, 99               CZERNIEWICZ 89255000JARAGUA DO SUL SC                                                                                                                                                                                    000058
9                                                                                                                                                                                                                                                                                                                                                                                                         000059
